@article{khritankov2023positive,
  title={Positive feedback loops lead to concept drift in machine learning systems},
  author={Khritankov, Anton},
  journal={Applied Intelligence},
  pages={1--19},
  year={2023},
  publisher={Springer}
}

@inproceedings{ensign2018runaway,
  title={Runaway feedback loops in predictive policing},
  author={Ensign, Danielle and Friedler, Sorelle A and Neville, Scott and Scheidegger, Carlos and Venkatasubramanian, Suresh},
  booktitle={Conference on fairness, accountability and transparency},
  pages={160--171},
  year={2018},
  organization={PMLR}
}

@inproceedings{adam2022error,
  title={Error amplification when updating deployed machine learning models},
  author={Adam, George Alexandru and Chang, Chun-Hao Kingsley and Haibe-Kains, Benjamin and Goldenberg, Anna},
  booktitle={Machine Learning for Healthcare Conference},
  pages={715--740},
  year={2022},
  organization={PMLR}
}

@article{davies2018redefining,
author = {Huw C Davies},
title ={Redefining Filter Bubbles as (Escapable) Socio-Technical Recursion},
journal = {Sociological Research Online},
volume = {23},
number = {3},
pages = {637-654},
year = {2018},
doi = {10.1177/1360780418763824}
}